@article{p2p,
   author={Marnix H. Medema and Yared Paalvast and Don D. Nguyen and Alexey Melnik and Pieter C. Dorrestein and Eriko Takano and Rainer Breitling},
   title={{Pep2Path: Automated Mass Spectrometry-Guided Genome Mining of Peptidic Natural Products}},
   journal={PLOS Computational Biology: Software},
   year=2014,
}

@article{as2,
   author={K. Blin and M. H. Medema and M. Kazempour and M. A. Fischbach and R. Breitling and E. Takano and T. Weber},
   title={{antiSMASH 2.0--a versatile platform for genome mining of secondary metabolite producers}},
   journal={Oxford Academic},
   year=2013,
}

@article{as4,
   author={K. Blin and T. Wolf and M. G. Chevrette and X. Lu and C. J. Schwalen and S. A. Kautsar and H. G. Suarez Duran and E. L. C. de Los Santos and H. U. Kim and 
           M. Nave and J. S. Dickschat and D. A. Mitchell and E. Shelest and R. Breitling and E. Takano and S. Y. Lee and T. Weber and M. H. Medema},
   title={{antiSMASH 4.0-improvements in chemistry prediction and gene cluster boundary identification}},
   journal={Oxford Academic},
   year=2017,
}

@article{rippq,
   author={H. Mohimani and R. D. Kersten and W. T. Liu and M. Wang and S. O. Purvine and S. Wu and H. M. Brewer and L. Pasa-Tolic and N. Bandeira and 
           B. S. Moore and P. A. Pevzner and P. C. Dorrestein},
   title={{Automated Genome Mining of Ribosomal Peptide Natural Products}},
   journal={American Chemical Society},
   year=2014,
}

@article{nrps2,
   author={Marc RÃ¶ttig and Marnix H. Medema and Kai Blin and Tilmann Weber and Christian Rausch and and Oliver Kohlbacher},
   title={{Automated Genome Mining of Ribosomal Peptide Natural Products}},
   journal={American Chemical Society},
   year=2011,
}